@article{cpp_overview,
    title        = {{An Overview of the C++ Programming Language}},
    author       = {Stroustrup, Bjarne},
    year         = 1998,
    doi          = {10.1201/9780849331350.sec3}
}
@article{DeChiusole2015,
    title        = {{Modeling missing data in knowledge space theory}},
    author       = {{De Chiusole}, Debora and Stefanutti, Luca and Anselmi, Pasquale and Robusto, Egidio},
    year         = 2015,
    journal      = {Psychological Methods},
    publisher    = {American Psychological Association Inc.},
    volume       = 20,
    number       = 4,
    pages        = {506--522},
    doi          = {10.1037/met0000050}
}
@article{Dempster1977,
    title        = {Maximum likelihood from incomplete data via the EM algorithm},
    author       = {Dempster, Arthur P and Laird, Nan M and Rubin, Donald B},
    year         = 1977,
    journal      = {Journal of the Royal Statistical Society: Series B (Methodological)},
    publisher    = {Wiley Online Library},
    volume       = 39,
    number       = 1,
    pages        = {1--22}
}
@article{Doignon1985,
    title        = {{Spaces for the assessment of knowledge}},
    author       = {Doignon, Jean Paul and Falmagne, Jean Claude},
    year         = 1985,
    journal      = {International Journal of Man-Machine Studies},
    publisher    = {Academic Press},
    volume       = 23,
    number       = 2,
    pages        = {175--196},
    doi          = {10.1016/S0020-7373(85)80031-6}
}
@book{Doignon1999,
    title        = {{Knowledge spaces}},
    author       = {Doignon, Jean-Paul and Falmagne, Jean-Claude},
    year         = 1999,
    publisher    = {Springer},
    address      = {Berlin},
    doi          = {10.1007/978-3-642-58625-5}
}
@article{Doignon2015,
    title        = {{Knowledge Spaces and Learning Spaces}},
    author       = {Doignon, Jean-Paul and Falmagne, Jean-Claude},
    year         = 2015,
    journal      = {New Handbook of Mathematical Psychology},
    publisher    = {Cambridge University Press},
    volume       = 1,
    pages        = {274--321}
}
@misc{Eigen,
    title        = {Eigen v3},
    author       = {Ga\"{e}l Guennebaud and Beno\^{i}t Jacob},
    year         = 2010,
    howpublished = {http://eigen.tuxfamily.org}
}
@misc{Fahrenberg2010,
    title        = {{Freiburger Pers{\"o}nlichkeitsinventar (FPI-R). 8., erweiterte Auflage. Manual}},
    author       = {Fahrenberg, J and Hampel, R and Selg, H},
    year         = 2010,
    publisher    = {Goettingen, Germany: Hogrefe}
}
@article{Falmagne1988a,
    title        = {A class of stochastic procedures for the assessment of knowledge},
    author       = {Falmagne, J-Cl and Doignon, J-P},
    year         = 1988,
    journal      = {British Journal of Mathematical and Statistical Psychology},
    publisher    = {Wiley Online Library},
    volume       = 41,
    number       = 1,
    pages        = {1--23}
}
@article{Falmagne1988b,
    title        = {{A markovian procedure for assessing the state of a system}},
    author       = {Falmagne, J. Cl and Doignon, J. P.},
    year         = 1988,
    journal      = {Journal of Mathematical Psychology},
    publisher    = {Academic Press},
    volume       = 32,
    number       = 3,
    pages        = {232--258},
    doi          = {10.1016/0022-2496(88)90011-9}
}
@article{Falmagne1990,
    title        = {{Introduction to knowledge spaces: How to build, test, and search them}},
    author       = {Falmagne, Jean Claude and Doignon, Jean Paul and Koppen, Mathieu and Villano, Michael and Johannesen, Leila},
    year         = 1990,
    journal      = {Psychological Review},
    publisher    = {American Psychological Association Inc.},
    volume       = 97,
    number       = 2,
    pages        = {201--224},
    doi          = {10.1037/0033-295X.97.2.201}
}
@book{ggplot2,
    title        = {ggplot2: Elegant Graphics for Data Analysis},
    author       = {Hadley Wickham},
    year         = 2016,
    publisher    = {Springer-Verlag New York},
    url          = {https://ggplot2.tidyverse.org}
}
@article{Heller2013,
    title        = {{Minimum Discrepancy Estimation in Probabilistic Knowledge Structures}},
    author       = {Heller, J{\"{u}}rgen and Wickelmaier, Florian},
    year         = 2013,
    journal      = {Electronic Notes in Discrete Mathematics},
    publisher    = {North-Holland},
    volume       = 42,
    pages        = {49--56},
    doi          = {10.1016/j.endm.2013.05.145}
}
@article{Heller2017,
    title        = {{Identifiability in probabilistic knowledge structures}},
    author       = {Heller, J{\"{u}}rgen},
    year         = 2017,
    journal      = {Journal of Mathematical Psychology},
    publisher    = {Academic Press Inc.},
    volume       = 77,
    pages        = {46--57},
    doi          = {10.1016/j.jmp.2016.07.008}
}
@book{Maurer2019,
    title        = {Careless responses in {Frageb{\"o}gen: Simulationen zur Detektion auf Grundlage probabilistischer Wissensstrukturen}},
    author       = {Maurer, Alice},
    year         = 2019,
    address      = {(Unveröffentlichte Bachelorarbeit). Universität Tübingen}
}
@article{pks,
    title        = {Minimum discrepancy estimation in probabilistic knowledge structures},
    author       = {J"urgen Heller and Florian Wickelmaier},
    year         = 2013,
    journal      = {Electronic Notes in Discrete Mathematics},
    volume       = 42,
    pages        = {49--56},
    doi          = {10.1016/j.endm.2013.05.145}
}
@manual{R,
    title        = {R: A Language and Environment for Statistical Computing},
    author       = {{R Core Team}},
    year         = 2020,
    address      = {Vienna, Austria},
    url          = {https://www.R-project.org/},
    organization = {R Foundation for Statistical Computing}
}
@article{Rcpp,
    title        = {{Rcpp}: Seamless {R} and {C++} Integration},
    author       = {Dirk Eddelbuettel and Romain Fran\c{c}ois},
    year         = 2011,
    journal      = {Journal of Statistical Software},
    volume       = 40,
    number       = 8,
    pages        = {1--18},
    doi          = {10.18637/jss.v040.i08}
}
@article{RcppEigen,
    title        = {Fast and Elegant Numerical Linear Algebra Using the {RcppEigen} Package},
    author       = {Douglas Bates and Dirk Eddelbuettel},
    year         = 2013,
    journal      = {Journal of Statistical Software},
    volume       = 52,
    number       = 5,
    pages        = {1--24}
}
@manual{relR,
    title        = {relations: Data Structures and Algorithms for Relations},
    author       = {David Meyer and Kurt Hornik},
    year         = 2019,
    url          = {https://CRAN.R-project.org/package=relations},
    note         = {R package version 0.6-9}
}
@manual{Rgraphviz,
    title        = {Rgraphviz: Provides plotting capabilities for R graph objects},
    author       = {Kasper Daniel Hansen and Jeff Gentry and Li Long and Robert Gentleman and Seth Falcon and Florian Hahne and Deepayan Sarkar},
    year         = 2020,
    note         = {R package version 2.32.0}
}
@book{Rubin2002,
    title        = {{Statistical Analysis with Missing Data; 2nd ed.}},
    author       = {Little, Roderick J A and Rubin, Donald B},
    year         = 2002,
    publisher    = {Wiley},
    address      = {Hoboken, NJ},
    series       = {Wiley Series in Probability and Mathematical Statistics}
}
@article{Schrepp1999,
    title        = {On the empirical construction of implications between bi-valued test items},
    author       = {Schrepp, Martin},
    year         = 1999,
    journal      = {Mathematical social sciences},
    publisher    = {Elsevier},
    volume       = 38,
    number       = 3,
    pages        = {361--375}
}
@article{Schrepp2005,
    title        = {About the connection between knowledge structures and latent class models},
    author       = {Schrepp, Martin},
    year         = 2005,
    journal      = {Methodology},
    publisher    = {Hogrefe \& Huber Publishers},
    volume       = 1,
    number       = 3,
    pages        = {93--103}
}
@article{Stefanutti2009,
    title        = {{Recovering a probabilistic knowledge structure by constraining its parameter space}},
    author       = {Stefanutti, Luca and Robusto, Egidio},
    year         = 2009,
    journal      = {Psychometrika},
    publisher    = {Springer},
    volume       = 74,
    number       = 1,
    pages        = {83--96},
    doi          = {10.1007/s11336-008-9095-7}
}
@article{Stefanutti2012,
    title        = {{Assessing the local identifiability of probabilistic knowledge structures}},
    author       = {Stefanutti, Luca and Heller, J{\"{u}}rgen and Anselmi, Pasquale and Robusto, Egidio},
    year         = 2012,
    journal      = {Behavior Research Methods},
    publisher    = {Springer},
    volume       = 44,
    number       = 4,
    pages        = {1197--1211},
    doi          = {10.3758/s13428-012-0187-z}
}
@article{Unlu2011,
    title        = {A note on the connection between knowledge structures and latent class models},
    author       = {{\"U}nl{\"u}, Ali},
    year         = 2011,
    journal      = {Methodology},
    publisher    = {Hogrefe Publishing}
}
@article{VanLeeuwe1974,
    title        = {{Item tree analysis.}},
    author       = {{Van Leeuwe}, Jan F},
    year         = 1974,
    journal     = {Nederlands Tijdschrift voor de Psychologie en haar Grensgebieden},
    address      = {Netherlands},
    volume       = 29,
    number       = 6,
    pages        = {475--483}
}

